@MISC{da2rs,
  author = {Papouch s.r.o.},
  title = {DA převodník DA2RS},
  howpublished = {[online]},
  year = {2016},
  url = {http://www.papouch.com},
}